% Encoding: UTF-8

@Book{taylor2005classical,
  title     = {Classical Mechanics},
  publisher = {University Science Books},
  year      = {2005},
  author    = {Taylor, J.R.},
  isbn      = {9781891389221},
  lccn      = {2004054971},
  url       = {https://books.google.com/books?id=P1kCtNr-pJsC},
}

@Book{marion1970classical,
  title     = {Classical dynamics of particles and systems},
  publisher = {Academic Press},
  year      = {1970},
  author    = {Marion, J.B.},
  lccn      = {78107545},
  url       = {https://books.google.com/books?id=dMsPAQAAMAAJ},
}

@Book{fowles1999analytical,
  title     = {Analytical Mechanics},
  publisher = {Saunders College Pub.},
  year      = {1999},
  author    = {Fowles, G.R. and Cassiday, G.L.},
  series    = {Saunders golden sunburst series},
  isbn      = {9780030223174},
  lccn      = {98096920},
  url       = {https://books.google.com/books?id=9CWsQgAACAAJ},
}

@Book{gregory2006classical,
  title     = {Classical Mechanics},
  publisher = {Cambridge University Press},
  year      = {2006},
  author    = {Gregory, R.D.},
  isbn      = {9781139450041},
  url       = {https://books.google.com/books?id=uAfUQmQbzOkC},
}

@Book{hagen2009path,
  title     = {Path Integrals In Quantum Mechanics, Statistics, Polymer Physics, And Financial Markets (5th Edition)},
  publisher = {World Scientific Publishing Company},
  year      = {2009},
  author    = {Hagen, K.},
  isbn      = {9789814365260},
  url       = {https://books.google.com/books?id=dJ3FCgAAQBAJ},
}

@Article{gray2007action,
  author    = {Gray, CG and Taylor, Edwin F},
  title     = {When action is not least},
  journal   = {American Journal of Physics},
  year      = {2007},
  volume    = {75},
  number    = {5},
  pages     = {434--458},
  doi       = {10.1119/1.2710480},
  publisher = {AAPT},
}

@Article{hanc2004deriving,
  author    = {Hanc, Jozef and Taylor, Edwin F and Tuleja, Slavomir},
  title     = {Deriving Lagrangeâ€™s equations using elementary calculus},
  journal   = {American Journal of Physics},
  year      = {2004},
  volume    = {72},
  number    = {4},
  pages     = {510--513},
  doi       = {10.1119/1.1603270},
  publisher = {AAPT},
}

@InBook{KleinertConservation,
  title     = {Particles and Quantum Fields},
  publisher = {World Scientific Publishing Company},
  year      = {2016},
  author    = {Hagen, K.},
  isbn      = {9789814740920},
  url       = {https://books.google.de/books?id=d1-2DAAAQBAJ},
  chapter   = {8 Continuous Symetries and Conservation Laws. Noether's Theorem},
}

@InBook{Schwabl,
  title     = {Quantum Mechanics 4th edition},
  publisher = {Springer Science \& Business Media},
  year      = {2007},
  author    = {Franz Schwabl},
  isbn      = {9783540719335},
  url       = {https://books.google.de/books?id=pTHb4NK2eZcC},
  chapter   = {2.5 The Corresponce Principle and the Schr\"{o}dinger Equation; 2.6 The Ehernfest Theorem},
}

@InBook{Sterman,
  title     = {An Introduction to Quantum Field Theory},
  publisher = {Cambridge University Press},
  year      = {1993},
  author    = {George Sterman},
  isbn      = {9780521311328},
  url       = {https://books.google.de/books?id=rB_wdTnfTmoC},
  chapter   = {Section 1.3 Invariance and conservation},
}

@InBook{Dirac,
  title     = {General Theory of Relativity},
  publisher = {Princeton University Press},
  year      = {2016},
  author    = {P. A. M. Dirac},
  isbn      = {9781400884193},
  url       = {https://books.google.de/books?id=qkWPDAAAQBAJ},
  chapter   = {26. The Gravitational Action Principle; 27. The Action for a Continuous Distribution of Matter; 28. The Action for the Electromagnetic Field; 29. The Action for Charged Matter; 30. The Comprehensive Action Principle},
}

@Book{Kuypers,
  title     = {Klassische Mechanik},
  publisher = {John Wiley \& Sons},
  year      = {2016},
  author    = {Friedhelm Kuypers},
  isbn      = {9783527699285},
  url       = {https://books.google.de/books?id=dJ4CDAAAQBAJ},
  chapter   = {3 Zwangsbedingungen},
}

@Article{EinsteinSpecialRelativity,
  author    = {A. Einstein},
  title     = {Zur Elektrodynamik bewegter K\"{o}rper (English Translation: On the Electrodynamics of Moving Bodies)},
  journal   = {Annalen der Physik},
  year      = {1905},
  volume    = {17},
  pages     = {891--921},
  doi       = {10.1002/andp.200590006}
}

@Article{Deriglazov,
  title={On singular Lagrangian underlying the Schr{\"o}dinger equation},
  author={Deriglazov, Alexey Anatolievich},
  journal={Physics Letters A},
  volume={373},
  number={43},
  pages={3920--3923},
  year={2009},
  publisher={Elsevier},
  doi={10.1016/j.physleta.2009.08.050}
}

@article{guthrie2019demystifying,
  title={Demystifying the Lagrangian of classical mechanics},
  author={Guthrie, Matthew W and Wagner, Gerd},
  journal={arXiv preprint arXiv:1907.07069},
  year={2019}
}

@book{goldstein2002classical,
  title={Classical Mechanics},
  author={Goldstein, H. and Poole, C.P. and Safko, J.L.},
  isbn={9780201657029},
  lccn={79023456},
  url={https://books.google.com/books?id=tJCuQgAACAAJ},
  year={2002},
  publisher={Addison Wesley}
}

@book{griffiths2017introduction,
  title={Introduction to Electrodynamics},
  author={Griffiths, D.J.},
  number={v. 2},
  isbn={9781108420419},
  lccn={98050525},
  url={https://books.google.com/books?id=ndAoDwAAQBAJ},
  year={2017},
  publisher={Cambridge University Press}
}


@book{jackson1999classical,
  title={Classical Electrodynamics, 3rd Ed.},
  author={Jackson, J.D.},
  isbn={9788126510948},
  lccn={97046873},
  url={https://books.google.com/books?id=2hZ0CgAAQBAJ},
  year={1999},
  publisher={Wiley}
}



@Comment{jabref-meta: databaseType:bibtex;}
