% Encoding: UTF-8

@Book{taylor2005classical,
  title     = {Classical Mechanics},
  publisher = {University Science Books},
  year      = {2005},
  author    = {Taylor, J.R.},
  isbn      = {9781891389221},
  lccn      = {2004054971},
  url       = {https://books.google.com/books?id=P1kCtNr-pJsC},
}

@Book{marion1970classical,
  title     = {Classical dynamics of particles and systems},
  publisher = {Academic Press},
  year      = {1970},
  author    = {Marion, J.B.},
  lccn      = {78107545},
  url       = {https://books.google.com/books?id=dMsPAQAAMAAJ},
}

@Book{fowles1999analytical,
  title     = {Analytical Mechanics},
  publisher = {Saunders College Pub.},
  year      = {1999},
  author    = {Fowles, G.R. and Cassiday, G.L.},
  series    = {Saunders golden sunburst series},
  isbn      = {9780030223174},
  lccn      = {98096920},
  url       = {https://books.google.com/books?id=9CWsQgAACAAJ},
}

@Book{gregory2006classical,
  title     = {Classical Mechanics},
  publisher = {Cambridge University Press},
  year      = {2006},
  author    = {Gregory, R.D.},
  isbn      = {9781139450041},
  url       = {https://books.google.com/books?id=uAfUQmQbzOkC},
}

@InBook{goldstein2002classical,
  chapter   = {2.2},
  title     = {Classical Mechanics},
  publisher = {Addison Wesley},
  year      = {2002},
  author    = {Goldstein, H. and Poole, C.P. and Safko, J.L.},
  isbn      = {9780201657029},
  lccn      = {79023456},
  url       = {https://books.google.com/books?id=tJCuQgAACAAJ},
}

@Book{hagen2009path,
  title     = {Path Integrals In Quantum Mechanics, Statistics, Polymer Physics, And Financial Markets (5th Edition)},
  publisher = {World Scientific Publishing Company},
  year      = {2009},
  author    = {Hagen, K.},
  isbn      = {9789814365260},
  url       = {https://books.google.com/books?id=dJ3FCgAAQBAJ},
}

@Article{gray2007action,
  author    = {Gray, CG and Taylor, Edwin F},
  title     = {When action is not least},
  journal   = {American Journal of Physics},
  year      = {2007},
  volume    = {75},
  number    = {5},
  pages     = {434--458},
  doi       = {10.1119/1.2710480},
  publisher = {AAPT},
}

@Article{hanc2004deriving,
  author    = {Hanc, Jozef and Taylor, Edwin F and Tuleja, Slavomir},
  title     = {Deriving Lagrangeâ€™s equations using elementary calculus},
  journal   = {American Journal of Physics},
  year      = {2004},
  volume    = {72},
  number    = {4},
  pages     = {510--513},
  doi       = {10.1119/1.1603270},
  publisher = {AAPT},
}

@Comment{jabref-meta: databaseType:bibtex;}
